@online{arvato_kaggle_competition,
    author = {Arvato Financial Solutions},
    title  = {Identify Customers from a Mailout Campaign},
    month  = {Nov},
    year   = {2018},
    url    = {https://www.kaggle.com/competitions/udacity-arvato-identify-customers/overview}
}

% @book{cormen2001introduction,
%   title={Introduction To Algorithms},
%   author={Cormen, T.H. and Leiserson, C.E. and Rivest, R.L. and Stein, C.},
%   isbn={9780262032933},
%   lccn={00103127},
%   url={https://books.google.com.br/books?id=NLngYyWFl\_YC},
%   year={2001},
%   publisher={MIT Press}
% }

% @article{sometopics_1971,
% 	author = {Robert W. Rosenthal},
% 	title = {Some Topics in Two-Person Games (T. Parthasarathy and T. E. S. Raghavan)},
% 	journal = {SIAM Review},
% 	volume = {14},
% 	number = {2},
% 	pages = {356-357},
% 	year = {1972},
% 	doi = {10.1137/1014044},
% 	URL = {https://doi.org/10.1137/1014044},
% 	eprint = {https://doi.org/10.1137/1014044}
% }
% @book{algorithmsvelsky_1988,
%  author = {Adelson-Velsky, G. M. and Arlazarov, V. L. and Donskoy, M. V.},
%  title = {Algorithms for Games},
%  year = {1988},
%  isbn = {0-387-96629-3},
%  publisher = {Springer-Verlag New York, Inc.},
%  address = {New York, NY, USA},
% }
% @book{schelling1960strategy,
%   title={The Strategy of Conflict},
%   author={Schelling, T.C.},
%   url={https://books.google.com.br/books?id=7RkL4Z8Yg5AC},
%   year={1960},
%   publisher={Harvard University Press}
% }
% @article{miyazawa_2010,
% 	author = {Flávio Keidi Miyazawa},
% 	title = {Introdução à Teoria dos Jogos Algorítmica},
% 	year = {2010},
% 	publisher = {UNICAMP},
% 	address = {São Paulo, SP, Brasil},
% 	url = {http://www.ic.unicamp.br/~fkm/lectures/algorithmicgametheory.pdf}
% }

% @article{eyawtkagtbwata_2003,
%  author = {Garcia, Daniel D. AND Ginat, David AND Henderson, Peter},
%  title = {Everything You Always Wanted to Know About Game Theory: But Were Afraid to Ask},
%  journal = {SIGCSE Bull.},
%  issue_date = {January 2003},
%  volume = {35},
%  number = {1},
%  month = jan,
%  year = {2003},
%  issn = {0097-8418},
%  pages = {96--97},
%  numpages = {2},
%  url = {http://doi.acm.org/10.1145/792548.611900},
%  doi = {10.1145/792548.611900},
%  acmid = {611900},
%  publisher = {ACM},
%  address = {New York, NY, USA},
%  keywords = {CS1/2, artificial intelligence, combinatorial game theory, economic game theory, ethics, prisoner's dilemma},
% }

% @misc{cppreferenceraii,
% 	howpublished = {\url{http://en.cppreference.com/w/cpp/language/raii}},
% 	note = {Accessed May 31, 2017},
% 	title = {RAII},
% 	author = {Cubbi AND Maggyero AND Fruderica}
% }

% @misc{figueiredo_conceitos,
% 	author = {Reginaldo Santana Figueiredo},
% 	title = {Teoria dos Jogos},
% 	subtitle = {Conceitos, Formalização Matemática e Aplicação à Distribuição de Custo Conjunto},
% 	year = {2001},
% 	publisher = {Universidade Federal de São Carlos}
% }

% @misc{Prague_severalmilestones,
%     author = {Magdalena Hykˇsová Prague},
%     title = {Several Milestones in the History of Game Theory},
%     year = {2004},
% 	pages = {49--56},
% 	publisher = {VII. Österreichisches Symposion zur Geschichte der Mathematik, Wien},
% 	journal = {Jubiläen - Chance oder Plage? },
% 	url = {http://euler.fd.cvut.cz/predmety/game_theory/games_materials.html}
% }

