@online{arvato_kaggle_competition,
    title={Identify Customers from a Mailout Campaign},
    author={Arvato},
    month={Nov},
    year={2018},
    url={https://www.kaggle.com/competitions/udacity-arvato-identify-customers/overview}
}
@book{sarkar2017practical,
  title={Practical Machine Learning with Python: A Problem-Solver's Guide to Building Real-World Intelligent Systems},
  author={Sarkar, D. and Bali, R. and Sharma, T.},
  isbn={9781484232071},
  url={https://books.google.com.br/books?id=9ClEDwAAQBAJ},
  year={2017},
  publisher={Apress}
}
@article{shlens2014tutorial,
  title={A tutorial on principal component analysis},
  author={Shlens, Jonathon},
  journal={arXiv preprint arXiv:1404.1100},
  year={2014}
}
